[gd_scene load_steps=29 format=2]

[ext_resource path="res://game/Light.gd" type="Script" id=1]
[ext_resource path="res://game/environment/Stars.png" type="Texture" id=2]
[ext_resource path="res://audio/player/Switch 01 - Melody 01.mp3" type="AudioStream" id=3]
[ext_resource path="res://game/environment/light.png" type="Texture" id=4]
[ext_resource path="res://worlds/tilesets/spritesheet.png" type="Texture" id=5]
[ext_resource path="res://audio/Close_to_Stars.mp3" type="AudioStream" id=6]

[sub_resource type="AtlasTexture" id=1]
flags = 4
atlas = ExtResource( 2 )
region = Rect2( 0, 0, 58, 61 )

[sub_resource type="AtlasTexture" id=2]
flags = 4
atlas = ExtResource( 2 )
region = Rect2( 58, 0, 58, 61 )

[sub_resource type="AtlasTexture" id=3]
flags = 4
atlas = ExtResource( 2 )
region = Rect2( 116, 0, 58, 61 )

[sub_resource type="AtlasTexture" id=4]
flags = 4
atlas = ExtResource( 2 )
region = Rect2( 174, 0, 58, 61 )

[sub_resource type="AtlasTexture" id=5]
flags = 4
atlas = ExtResource( 2 )
region = Rect2( 232, 0, 58, 61 )

[sub_resource type="AtlasTexture" id=6]
flags = 4
atlas = ExtResource( 2 )
region = Rect2( 290, 0, 58, 61 )

[sub_resource type="AtlasTexture" id=7]
flags = 4
atlas = ExtResource( 2 )
region = Rect2( 348, 0, 58, 61 )

[sub_resource type="AtlasTexture" id=8]
flags = 4
atlas = ExtResource( 2 )
region = Rect2( 406, 0, 58, 61 )

[sub_resource type="AtlasTexture" id=9]
flags = 4
atlas = ExtResource( 2 )
region = Rect2( 464, 0, 58, 61 )

[sub_resource type="AtlasTexture" id=10]
flags = 4
atlas = ExtResource( 2 )
region = Rect2( 522, 0, 58, 61 )

[sub_resource type="AtlasTexture" id=11]
flags = 4
atlas = ExtResource( 2 )
region = Rect2( 580, 0, 58, 61 )

[sub_resource type="AtlasTexture" id=12]
flags = 4
atlas = ExtResource( 2 )
region = Rect2( 638, 0, 58, 61 )

[sub_resource type="AtlasTexture" id=13]
flags = 4
atlas = ExtResource( 2 )
region = Rect2( 696, 0, 58, 61 )

[sub_resource type="AtlasTexture" id=14]
flags = 4
atlas = ExtResource( 2 )
region = Rect2( 754, 0, 58, 61 )

[sub_resource type="AtlasTexture" id=15]
flags = 4
atlas = ExtResource( 2 )
region = Rect2( 812, 0, 58, 61 )

[sub_resource type="AtlasTexture" id=16]
flags = 4
atlas = ExtResource( 2 )
region = Rect2( 870, 0, 58, 61 )

[sub_resource type="AtlasTexture" id=17]
flags = 4
atlas = ExtResource( 2 )
region = Rect2( 928, 0, 58, 61 )

[sub_resource type="AtlasTexture" id=18]
flags = 4
atlas = ExtResource( 2 )
region = Rect2( 986, 0, 58, 61 )

[sub_resource type="AtlasTexture" id=19]
flags = 4
atlas = ExtResource( 2 )
region = Rect2( 1044, 0, 58, 61 )

[sub_resource type="AtlasTexture" id=20]
flags = 4
atlas = ExtResource( 2 )
region = Rect2( 1102, 0, 58, 61 )

[sub_resource type="SpriteFrames" id=21]
animations = [ {
"frames": [ SubResource( 1 ), SubResource( 2 ), SubResource( 3 ), SubResource( 4 ), SubResource( 5 ), SubResource( 6 ), SubResource( 7 ), SubResource( 8 ), SubResource( 9 ), SubResource( 10 ), SubResource( 11 ), SubResource( 12 ), SubResource( 13 ), SubResource( 14 ), SubResource( 15 ), SubResource( 16 ), SubResource( 17 ), SubResource( 18 ), SubResource( 19 ), SubResource( 20 ) ],
"loop": true,
"name": "Shine",
"speed": 15.0
} ]

[sub_resource type="CircleShape2D" id=22]

[node name="Star" type="Area2D"]
position = Vector2( 341.897, 155.192 )
script = ExtResource( 1 )
__meta__ = {
"_edit_group_": true
}

[node name="Sprite" type="AnimatedSprite" parent="."]
light_mask = 524288
frames = SubResource( 21 )
animation = "Shine"
frame = 6
playing = true

[node name="OffSprite" type="Sprite" parent="."]
light_mask = 524288
texture = ExtResource( 5 )
region_enabled = true
region_rect = Rect2( 224, 0, 64, 64 )

[node name="CollisionShape2D" type="CollisionShape2D" parent="."]
shape = SubResource( 22 )

[node name="Light2D" type="Light2D" parent="."]
scale = Vector2( 4.43755, 3.68501 )
texture = ExtResource( 4 )
color = Color( 0.968627, 0.968627, 0.803922, 1 )
energy = 3.0
range_item_cull_mask = 524287
shadow_item_cull_mask = 524287

[node name="AudioStreamPlayer2D" type="AudioStreamPlayer2D" parent="."]
stream = ExtResource( 3 )

[node name="ProximityHum" type="AudioStreamPlayer2D" parent="."]
stream = ExtResource( 6 )
volume_db = -10.0
autoplay = true
max_distance = 300.0

[connection signal="body_entered" from="." to="." method="_on_entered"]
